{
  "leader": "03578cam a2200469 a 4500",
  "fields": [
    {
      "001": "ocm24667240\\"
    },
    {
      "003": "OCoLC"
    },
    {
      "005": "20221230150042.0"
    },
    {
      "008": "911015s1993\\\\\\\\maua\\\\\\\\\\b\\\\\\\\001\\0\\eng\\\\"
    },
    {
      "010": {
        "ind1": "\\",
        "ind2": "\\",
        "subfields": [
          {
            "a": "   91033324 "
          }
        ]
      }
    },
    {
      "040": {
        "ind1": "\\",
        "ind2": "\\",
        "subfields": [
          {
            "a": "DNLM/DLC"
          },
          {
            "b": "eng"
          },
          {
            "c": "DLC"
          },
          {
            "d": "TMV"
          },
          {
            "d": "NLM"
          },
          {
            "d": "UKM"
          },
          {
            "d": "BAKER"
          },
          {
            "d": "BTCTA"
          },
          {
            "d": "YDXCP"
          },
          {
            "d": "GEBAY"
          },
          {
            "d": "TULIB"
          },
          {
            "d": "GBVCP"
          },
          {
            "d": "OCLCO"
          },
          {
            "d": "OCLCF"
          },
          {
            "d": "OCLCQ"
          },
          {
            "d": "DEBBG"
          },
          {
            "d": "OCLCQ"
          },
          {
            "d": "OCLCO"
          },
          {
            "d": "OCLCA"
          },
          {
            "d": "SNN"
          },
          {
            "d": "OCLCQ"
          },
          {
            "d": "OCLCA"
          },
          {
            "d": "OCLCO"
          }
        ]
      }
    },
    {
      "016": {
        "ind1": "7",
        "ind2": "\\",
        "subfields": [
          {
            "a": "9112922"
          },
          {
            "2": "DNLM"
          }
        ]
      }
    },
    {
      "016": {
        "ind1": "7",
        "ind2": "\\",
        "subfields": [
          {
            "a": "086-54209"
          },
          {
            "2": "Uk"
          }
        ]
      }
    },
    {
      "019": {
        "ind1": "\\",
        "ind2": "\\",
        "subfields": [
          {
            "a": "24591355"
          },
          {
            "a": "27896666"
          },
          {
            "a": "28112766"
          }
        ]
      }
    },
    {
      "020": {
        "ind1": "\\",
        "ind2": "\\",
        "subfields": [
          {
            "a": "0865420955"
          }
        ]
      }
    },
    {
      "020": {
        "ind1": "\\",
        "ind2": "\\",
        "subfields": [
          {
            "a": "9780865420953"
          }
        ]
      }
    },
    {
      "035": {
        "ind1": "\\",
        "ind2": "\\",
        "subfields": [
          {
            "a": "(OCoLC)24667240"
          },
          {
            "z": "(OCoLC)24591355"
          },
          {
            "z": "(OCoLC)27896666"
          },
          {
            "z": "(OCoLC)28112766"
          }
        ]
      }
    },
    {
      "050": {
        "ind1": "0",
        "ind2": "0",
        "subfields": [
          {
            "a": "RC119"
          },
          {
            "b": ".I49 1993"
          }
        ]
      }
    },
    {
      "082": {
        "ind1": "0",
        "ind2": "0",
        "subfields": [
          {
            "a": "616.96079"
          },
          {
            "b": "IMM"
          }
        ]
      }
    },
    {
      "245": {
        "ind1": "0",
        "ind2": "0",
        "subfields": [
          {
            "a": "Immunology and molecular biology of parasitic infections /"
          },
          {
            "c": "edited by Kenneth S. Warren."
          }
        ]
      }
    },
    {
      "250": {
        "ind1": "\\",
        "ind2": "\\",
        "subfields": [
          {
            "a": "3rd ed."
          }
        ]
      }
    },
    {
      "260": {
        "ind1": "\\",
        "ind2": "\\",
        "subfields": [
          {
            "a": "Boston :"
          },
          {
            "b": "Blackwell Scientific Publications,"
          },
          {
            "c": "1993."
          }
        ]
      }
    },
    {
      "300": {
        "ind1": "\\",
        "ind2": "\\",
        "subfields": [
          {
            "a": "xiii, 610 pages :"
          },
          {
            "b": "illustrations (some color) ;"
          },
          {
            "c": "27 cm"
          }
        ]
      }
    },
    {
      "336": {
        "ind1": "\\",
        "ind2": "\\",
        "subfields": [
          {
            "a": "text"
          },
          {
            "b": "txt"
          },
          {
            "2": "rdacontent"
          }
        ]
      }
    },
    {
      "337": {
        "ind1": "\\",
        "ind2": "\\",
        "subfields": [
          {
            "a": "unmediated"
          },
          {
            "b": "n"
          },
          {
            "2": "rdamedia"
          }
        ]
      }
    },
    {
      "338": {
        "ind1": "\\",
        "ind2": "\\",
        "subfields": [
          {
            "a": "volume"
          },
          {
            "b": "nc"
          },
          {
            "2": "rdacarrier"
          }
        ]
      }
    },
    {
      "500": {
        "ind1": "\\",
        "ind2": "\\",
        "subfields": [
          {
            "a": "Revised edition of: Immunology of parasitic infections. 2nd ed. 1982."
          }
        ]
      }
    },
    {
      "504": {
        "ind1": "\\",
        "ind2": "\\",
        "subfields": [
          {
            "a": "Includes bibliographical references and index."
          }
        ]
      }
    },
    {
      "505": {
        "ind1": "0",
        "ind2": "\\",
        "subfields": [
          {
            "a": "Genetic variations in immunity to parasitic infections / Derek Wakelin & Jennifer M. Blackwell -- Mononuclear phagocytes and resistance to parasitic infections / Adel A.F. Mahmoud -- Mechanisms of acquired immunity against parasites / Alan Sher & Phillip A. Scott -- Mechanisms of immunopathology in parasitic infections / S. Michael Phillips -- Pathology of schistosomiasis / Steven L. Kunkel, Stephen W. Chensue & S. Michael Phillips -- Pathology of American trypanosomiasis / Rick L. Tarleton -- Pathology of leishmaniasis / Richard D. Pearson -- Survival strategies of parasites in their immunocompetent hosts / Jean-Paul L. Dessaint & Andre R. Capron -- Parasites in the immunocompromised host / Peter Godfrey-Faussett [and others] -- Vaccines and the challenge of parasitic infections / Gordon L. Ada -- Entamoeba histolytica and amebiasis / Adolfo Martinez-Palomo, Roberto Kretschmer & Isaura Meza Gomez Palacio -- Giardia lamblia and giardiasis / Theodore E. Nash -- African trypanosomiasis / Keith Vickerman, Peter J. Myler & Kenneth D. Stuart."
          }
        ]
      }
    },
    {
      "505": {
        "ind1": "0",
        "ind2": "\\",
        "subfields": [
          {
            "a": "(cont) South American trypanosomiasis (Chagas' disease) / Garry B. Takl & David Snary -- Leishmaniasis / David L. Sacks, Jacques A. Louis & Dyann F. Wirth -- Toxoplasma gondii and toxoplasmosis / Lloyd H. Kasper & John C. Boothroyd -- Malaria / Johanne Melancon-Kaplan [and others] -- Babesiosis / Robert J. Dalgliesh -- Schistosomiasis / George R. Newport & Daniel G. Colley -- Cestodes / Marshall W. Lightowlers, Graham F. Mitchell & Michael D. Rickard -- Filariasis / James W. Kazura, Thomas B. Nutman & Bruce M. Greene -- Nematodes / Derek Wakelin, William Harnett & R. Michael E. Parkhouse -- Protozoa / Wallace Peters -- Helminths / Ralph Muller."
          }
        ]
      }
    },
    {
      "650": {
        "ind1": "\\",
        "ind2": "0",
        "subfields": [
          {
            "a": "Parasitic diseases"
          },
          {
            "x": "Immunological aspects."
          }
        ]
      }
    },
    {
      "650": {
        "ind1": "\\",
        "ind2": "0",
        "subfields": [
          {
            "a": "Parasitic diseases"
          },
          {
            "x": "Molecular aspects."
          }
        ]
      }
    },
    {
      "650": {
        "ind1": "\\",
        "ind2": "2",
        "subfields": [
          {
            "a": "Molecular Biology"
          }
        ]
      }
    },
    {
      "650": {
        "ind1": "\\",
        "ind2": "2",
        "subfields": [
          {
            "a": "Parasitic Diseases"
          },
          {
            "x": "immunology"
          }
        ]
      }
    },
    {
      "650": {
        "ind1": "\\",
        "ind2": "7",
        "subfields": [
          {
            "a": "Parasitic diseases"
          },
          {
            "x": "Immunological aspects."
          },
          {
            "2": "fast"
          },
          {
            "0": "(OCoLC)fst01053158"
          }
        ]
      }
    },
    {
      "650": {
        "ind1": "\\",
        "ind2": "7",
        "subfields": [
          {
            "a": "Parasitic diseases"
          },
          {
            "x": "Molecular aspects."
          },
          {
            "2": "fast"
          },
          {
            "0": "(OCoLC)fst01053160"
          }
        ]
      }
    },
    {
      "700": {
        "ind1": "1",
        "ind2": "\\",
        "subfields": [
          {
            "a": "Warren, Kenneth S."
          }
        ]
      }
    },
    {
      "730": {
        "ind1": "0",
        "ind2": "\\",
        "subfields": [
          {
            "a": "Immunology of parasitic infections."
          }
        ]
      }
    },
    {
      "856": {
        "ind1": "4",
        "ind2": "1",
        "subfields": [
          {
            "3": "Table of contents"
          },
          {
            "u": "http://www.gbv.de/dms/bowker/toc/9780865420953.pdf"
          }
        ]
      }
    },
    {
      "994": {
        "ind1": "\\",
        "ind2": "\\",
        "subfields": [
          {
            "a": "Z0"
          },
          {
            "b": "NYRVC"
          }
        ]
      }
    },
    {
      "948": {
        "ind1": "\\",
        "ind2": "\\",
        "subfields": [
          {
            "h": "NO HOLDINGS IN NYRVC - 179 OTHER HOLDINGS"
          }
        ]
      }
    },
    {
      "999": {
        "ind1": "\\",
        "ind2": "\\",
        "subfields": [
          {
            "a": "00000000011934"
          }
        ]
      }
    }
  ]
}